
@article{Caccavale2008,
author = {Caccavale, Fabrizo and Chiacchio, Pasquale and Marino, Alessandro and Villani, Luigi},
journal = {IEEE/ASME Trans. Mechatron.},
number = {5},
pages = {576--586},
title = {{Six-DOF impedance control of dual-arm cooperative manipulators}},
volume = {13},
year = {2008}
}

@inproceedings{Song2021,
author = {Song, Xiaogang and Mao, Huan and Huang, Hailin and Xu, Wenfu and Li, Bing},
booktitle = {IEEE Int. Conf. Robot. Biomimetics},
doi = {10.1049/cth2.12175},
pages = {1674--1681},
title = {A dynamic adaptive impedance controller for force tracking of dual-arm manipulators in uncertain contact environment},
year = {2021}
}


@ARTICLE{Lai2022,
  author={Lai, Jiewen and Huang, Kaicheng and Lu, Bo and Zhao, Qingxiang and Chu, Henry K.},
  journal={IEEE/ASME Trans. Mechatron.}, 
  title={Verticalized-Tip Trajectory Tracking of a 3D-Printable Soft Continuum Robot: Enabling Surgical Blood Suction Automation}, 
  year={2022},
  volume={27},
  number={3},
  pages={1545-1556},
  doi={10.1109/TMECH.2021.3090838}
}

@ARTICLE{Aghili2022,
  author={Aghili, Farhad},
  journal={IEEE/ASME Trans. Mechatron.}, 
  title={Fault-Tolerant and Adaptive Visual Servoing for Capturing Moving Objects}, 
  year={2022},
  volume={27},
  number={3},
  pages={1773-1783},
  doi={10.1109/TMECH.2021.3087729}
}

@ARTICLE{Zhang2021,
  author={Zhang, Zhijun and Chen, Siyuan and Deng, Xianzhi and Liang, Junjie},
  journal={IEEE/ASME Trans. Mechatron.}, 
  title={A Circadian Rhythms Neural Network for Solving the Redundant Robot Manipulators Tracking Problem Perturbed by Periodic Noise}, 
  year={2021},
  volume={26},
  number={6},
  pages={3232-3242},
  doi={10.1109/TMECH.2021.3056409},
}

@ARTICLE{Zhang2022,
  author={Zhang, Jiazheng and Jin, Long and Yang, Chenguang},
  journal={IEEE/ASME Trans. Mechatron.}, 
  title={Distributed Cooperative Kinematic Control of Multiple Robotic Manipulators With an Improved Communication Efficiency}, 
  year={2022},
  volume={27},
  number={1},
  pages={149-158},
  doi={10.1109/TMECH.2021.3059441}
}

@article{Obregon-Flores2021,
author = {Obregon-Flores, Jonathan and Arechavaleta, Gustavo and Becerra, Hector M. and Morales-Diaz, America},
doi = {10.1109/TRO.2020.3042054},
journal = {IEEE Trans. Robot.},
number = {3},
pages = {962--978},
title = {{Predefined-time robust hierarchical inverse dynamics on torque-controlled redundant manipulators}},
volume = {37},
year = {2021}
}

@article{Xu2021,
author = {Xu, Zhihao and Li, Shuai and Zhou, Xuefeng and Zhou, Songbin and Cheng, Taobo and Guan, Yisheng},
journal = {IEEE Trans. Ind. Electron.},
keywords = {Dynamic neural network,joint torque optimization,motion-force control,redundancy resolution},
number = {2},
pages = {1525--1536},
title = {Dynamic neural network for motion-force control of redundant manipulators: An optimization perspective},
volume = {68},
year = {2021}
}

@article{Shimizu2008,
author = {Shimizu, Masayuli and Kakuya, Hiromu and Yoon, Woo Keum and Kitagaki, Kasei and Kosuge, Kazuhiro},
doi = {10.1109/TRO.2008.2003266},
journal = {IEEE Trans. Robot.},
number = {5},
pages = {1131--1142},
title = {Analytical inverse kinematic computation for {7-DOF} redundant manipulators with joint limits and its application to redundancy resolution},
volume = {24},
year = {2008}
}

@article{Bascetta2017, 
title={Closed form Newton–Euler dynamic model of flexible manipulators}, 
volume={35},
DOI={10.1017/S0263574715000934}, 
number={5}, 
journal={Robotica}, 
author={Bascetta, Luca and Ferretti, Gianni and Scaglioni, Bruno}, 
year={2017}, 
pages={1006–1030}
}

@inproceedings{Zhang2009,
author = {Zhang, Yunong and Tan, Ning and Lai, Chunyan},
booktitle = {IEEE Int. Conf. Robot. Biomimetics},
doi = {10.1109/ROBIO.2009.5420450},
pages = {2397--2402},
title = {Bi-criteria torque minimization of redundant robot arms with schemes, models and methods compared},
year = {2009}
}

@inproceedings{Lu2015,
  author={Lu, Song and Li, Yangmin},
  booktitle={IEEE Int. Conf. Adv. Intell. Mechatronics}, 
  title={Dynamic analysis of a 3-DOF 3-PUU parallel manipulator based on the principle of virtual work}, 
  year={2015},
  pages={1445-1450},
  doi={10.1109/AIM.2015.7222744}
 }

@article{Pham2010,
author = {Pham, Hoang Lan and Perdereau, V{\'{e}}ronique and Adorno, Bruno Vilhena and Fraisse, Philippe},
doi = {10.1109/IROS.2010.5651097},
journal = {IEEE/RSJ Int. Conf. Intell. Robot. Syst.},
pages = {658--663},
publisher = {IEEE},
title = {Position and orientation control of robot manipulators using dual quaternion feedback},
year = {2010}
}

@article{DallaLibera2021,
author = {{Dalla Libera}, Alberto and Castaman, Nicola and Ghidoni, Stefano and Carli, Ruggero},
doi = {10.1109/TRO.2020.3038690},
journal = {IEEE Trans. Robot.},
keywords = {Calibration and identification,kinematics,learning and adaptive systems,modular robots},
number = {3},
pages = {877--892},
title = {Autonomous Learning of the Robot Kinematic Model},
volume = {37},
year = {2021}
}

@ARTICLE{Li2022,
  author={Li, Weibing and Yin Ng, Wing and Zhang, Xue and Huang, Yisen and Li, Yehui and Song, Chengzhi and Chiu, Philip Wai Yan and Li, Zheng},
  journal={IEEE Robot. Autom. Lett.}, 
  title={A Kinematic Modeling and Control Scheme for Different Robotic Endoscopes: A Rudimentary Research Prototype}, 
  year={2022},
  volume={7},
  number={4},
  pages={8885-8892},
  doi={10.1109/LRA.2022.3186758}
}


@ARTICLE{Liu2019,
  author={Liu, Chao and Whitzer, Michael and Yim, Mark},
  journal={IEEE Robot. Autom. Lett.}, 
  title={A Distributed Reconfiguration Planning Algorithm for Modular Robots}, 
  year={2019},
  volume={4},
  number={4},
  pages={4231-4238},
  doi={10.1109/LRA.2019.2930432}
}

@article{Yip2014,
author = {Yip, Michael C. and Camarillo, David B.},
doi = {10.1109/TRO.2014.2309194},
journal = {IEEE Trans. Robot.},
number = {4},
pages = {880--889},
title = {Model-less feedback control of continuum manipulators in constrained environments},
volume = {30},
year = {2014}
}

@article{Chen2018,
author = {Chen, Dechao and Zhang, Yunong and Li, Shuai},
journal = {IEEE Trans. Industr. Inform.},
number = {7},
pages = {3044--3053},
title = {{Tracking control of robot manipulators with unknown models: A Jacobian-matrix-adaption method}},
volume = {14},
year = {2018}
}

@article{Yang2020,
author = {Yang, Min and Zhang, Yunong and Zhang, Zhijun and Hu, Haifeng},
doi = {10.1109/tii.2020.2976844},
issn = {1551-3203},
journal = {IEEE Trans. Industr. Inform.},
number = {12},
pages = {7360--7368},
publisher = {IEEE},
title = {{Adaptive discrete ZND models for tracking control of redundant manipulator}},
volume = {16},
year = {2020}
}

@ARTICLE{Fan2022,
  author={Fan, Jialiang and Jin, Long and Xie, Zhengtai and Li, Shuai and Zheng, Yu},
  journal={IEEE Trans. Industr. Inform.}, 
  title={Data-Driven Motion-Force Control Scheme for Redundant Manipulators: A Kinematic Perspective},year={2022},
  volume={18},
  number={8},
  pages={5338-5347},
  doi={10.1109/TII.2021.3125449}
}

@article{Tan2022,
author = {Tan, Ning and Ye, Zixiao and Yu, Peng and Ni, Fenglei},
doi = {10.1109/TFUZZ.2022.3152077},
journal = {IEEE Transactions on Fuzzy Systems},
number = {10},
pages = {4409--4422},
title = {A Dual Fuzzy-Enhanced Neurodynamic Scheme for Model-Less Kinematic Control of Redundant and Hyperredundant Robots},
volume = {30},
year = {2022}
}


@INPROCEEDINGS{Kim2021,
  author={Kim, Seungsu and Perez, Julien},
  booktitle={IEEE Int. Conf. Robot. Autom.}, 
  title={Learning Reachable Manifold and Inverse Mapping for a Redundant Robot manipulator}, 
  year={2021},
  pages={4731-4737},
  doi={10.1109/ICRA48506.2021.9561589}}

@INPROCEEDINGS{Chen2015,
  author={Chen, Jie and Lau, Henry Y K},
  booktitle={IEEE Int. Conf. Robot. Biomimetics}, 
  title={A hybrid inverse kinematics framework for redundant robot manipulators based on hierarchical clustering and distal teacher learning}, 
  year={2015},
  pages={2597-2602},
  doi={10.1109/ROBIO.2015.7419731}
}

@inproceedings{Tarokh2021,
author = {Tarokh, Mahmoud},
booktitle = {IEEE Int. Conf. Robot. Autom.},
doi = {10.1109/ICRA48506.2021.9561108},
pages = {9884--9890},
title = {Manipulator Task Space Trajectory Tracking with Kinematics and Dynamics Uncertainties},
year = {2021}
}


@ARTICLE{Chen2008,
  author={Chen, Chaio-Shiung},
  journal={IEEE Trans. Ind. Electron.}, 
  title={Dynamic Structure Neural-Fuzzy Networks for Robust Adaptive Control of Robot Manipulators}, 
  year={2008},
  volume={55},
  number={9},
  pages={3402-3414},
  doi={10.1109/TIE.2008.926778}
}

@ARTICLE{Xi2022,
  author={Xi, Rui-Dong and Xiao, Xiao and Ma, Tie-Nan and Yang, Zhi-Xin},
  journal={IEEE Robot. Autom. Lett.}, 
  title={Adaptive Sliding Mode Disturbance Observer Based Robust Control for Robot Manipulators Towards Assembly Assistance}, 
  year={2022},
  volume={7},
  number={3},
  pages={6139-6146},
  doi={10.1109/LRA.2022.3164448}
}

@article{Cheah2006,
author = {Cheah, C. C. and Liu, C. and Slotine, J. J.E.},
journal = {Int. J. Rob. Res.},
number = {3},
pages = {283--296},
title = {{Adaptive tracking control for robots with unknown kinematic and dynamic properties}},
volume = {25},
year = {2006}
}

@ARTICLE{Wang2009,
  author={Wang, Hanlei and Xie, Yongchun},
  journal={IEEE Trans. Automat. Contr.}, 
  title={{Prediction error based adaptive Jacobian tracking of robots with uncertain kinematics and dynamics}}, 
  year={2009},
  volume={54},
  number={12},
  pages={2889-2894},
  doi={10.1109/TAC.2009.2033764}}


@ARTICLE{Wang2017b,
  author={Wang, Hanlei},
  journal={IEEE Trans. Automat. Contr.}, 
  title={Adaptive Control of Robot Manipulators With Uncertain Kinematics and Dynamics}, 
  year={2017},
  volume={62},
  number={2},
  pages={948-954},
  doi={10.1109/TAC.2016.2575827}
}

@article{Lyu2020,
author = {Lyu, Shangke and Cheah, Chien Chern},
doi = {10.1016/j.automatica.2020.109120},
journal = {Automatica},
pages = {109--120},
title = {{Data-driven learning for robot control with unknown Jacobian}},
volume = {120},
year = {2020}
}

@article{Sun2002,
author = {Sun, Dong and Mills, James K.},
doi = {10.1109/TRA.2002.802229},
journal = {IEEE Trans. Robot. Autom.},
number = {4},
pages = {498--510},
title = {Adaptive synchronized control for coordination of multirobot assembly tasks},
volume = {18},
year = {2002}
}

@article{Jin2015,
author = {Jin, Long and Zhang, Yunong},
doi = {10.1109/TCYB.2014.2321390},
issn = {21682267},
journal = {IEEE Trans. Cybern.},
number = {2},
pages = {153--164},
title = {{G2-Type SRMPC scheme for synchronous manipulation of two redundant robot arms}},
volume = {45},
year = {2015}
}

@article{Zhang2018,
author = {Zhang, Zhijun and Lin, Yujun and Li, Shuai and Li, Yuanqing and Yu, Zhuliang and Luo, Yamei},
doi = {10.1109/TCST.2017.2709276},
journal = {IEEE Trans. Control Syst. Technol.},
number = {4},
pages = {1345--1357},
publisher = {IEEE},
title = {Tricriteria optimization-coordination motion of dual-redundant-robot manipulators for complex path planning},
volume = {26},
year = {2018}
}

@article{Chen2020,
author = {Chen, Dechao and Li, Shuai and Wu, Qing and Luo, Xin},
doi = {10.1016/j.neucom.2019.08.085},
journal = {Neurocomputing},
pages = {78--90},
title = {Super-twisting {ZNN} for coordinated motion control of multiple robot manipulators with external disturbances suppression},
volume = {371},
year = {2020}
}

@article{Kosuge2014,
author = {Kosuge, Kazuhiro and Kamei, Kentaro and Nammoto, Takashi},
doi = {10.1109/ICRA.2014.6907614},
journal = {IEEE Int. Conf. Robot. Autom.},
pages = {5145--5151},
title = {{Coordinated motion control of dual manipulators for handling a rigid object with non-negligible deformation}},
year = {2014}
}


@article{Lippiello2018,
author = {Lippiello, Vincenzo and Fontanelli, Giuseppe Andrea and Ruggiero, Fabio},
doi = {10.1109/LRA.2018.2806091},
journal = {IEEE Robot. Autom. Lett.},
number = {3},
pages = {1856--1863},
title = {{Image-based visual-impedance control of a dual-arm aerial manipulator}},
volume = {3},
year = {2018}
}

@article{Zhai2022,
author = {Zhai, Anbang and Wang, Jin and Zhang, Haiyun and Lu, Guodong and Li, Howard},
doi = {10.1016/j.isatra.2021.07.036},
journal = {ISA Trans.},
pages = {134--143},
publisher = {Elsevier Ltd},
title = {Adaptive robust synchronized control for cooperative robotic manipulators with uncertain base coordinate system},
volume = {126},
year = {2022}
}

@article{Abadia2021,
author = {Abadia, Ignacio and Naveros, Francisco and Garrido, Jesus A. and Ros, Eduardo and Luque, Niceto R.},
doi = {10.1109/TCYB.2019.2945498},
journal = {IEEE Trans. Cybern.},
number = {5},
pages = {2476--2489},
pmid = {31647453},
title = {On robot compliance: A cerebellar control approach},
volume = {51},
year = {2021}
}

@inproceedings{Kalidindi2019,
author = {Kalidindi, Hari Teja and Thuruthel, Thomas George and Laschi, Cecilia and Falotico, Egidio},
booktitle = {IEEE Int. Conf. Soft Robot.},
doi = {10.1109/ROBOSOFT.2019.8722735},
pages = {684--689},
title = {{Cerebellum-inspired approach for adaptive kinematic control of soft robots}},
year = {2019}
}

@article{Capolei2020,
author = {Capolei, Marie Claire and Andersen, Nils Axel and Lund, Henrik Hautop and Falotico, Egidio and Tolu, Silvia},
doi = {10.1109/LRA.2019.2943818},
journal = {IEEE Robot. Autom. Lett.},
number = {1},
pages = {80--87},
title = {A cerebellar internal models control architecture for online sensorimotor adaptation of a humanoid robot acting in a dynamic environment},
volume = {5},
year = {2020}
}


@article{Tan2022b,
author = {Tan, Ning and Li, Chaoyuan and Yu, Peng and Ni, Fenglei},
doi = {10.2139/ssrn.4005921},
issn = {1568-4946},
journal = {Appl. Soft Comput.},
pages = {109267},
title = {Two Model-Free Schemes for Solving Kinematic Tracking Control of Redundant Robot Manipulators Based on Cmac Networks},
volume = {126},
year = {2022}
}

@article{Luque2014,
author = {Luque, Niceto R. and Garrido, Jes{\'{u}}s A. and Carrillo, Richard R. and D'Angelo, Egidio and Ros, Eduardo},
doi = {10.3389/fncom.2014.00097},
journal = {Front. Comput. Neurosci.},
pages = {1--16},
title = {{Fast convergence of learning requires plasticity between inferior olive and deep cerebellar nuclei in a manipulation task: A closed-loop robotic simulation}},
volume = {8},
year = {2014}
}

@article{Tolu2020,
author = {Tolu, Silvia and Capolei, Marie Claire and Vannucci, Lorenzo and Laschi, Cecilia and Falotico, Egidio and Hern{\'{a}}ndez, Mauricio Vanegas},
doi = {10.1142/S012906571950028X},
journal = {Int. J. Neural Syst.},
number = {1},
pages = {1--16},
title = {{A cerebellum-inspired learning approach for adaptive and anticipatory control}},
volume = {30},
year = {2020}
}

@inproceedings{Ouyang2018,
author = {Ouyang, Wenjuan and Li, Chenzui and Liang, Wenyu and Ren, Qinyuan and Li, Ping},
booktitle = {IEEE Int. Conf. Control Autom.},
doi = {10.1109/ICCA.2018.8444243},
pages = {1010--1015},
title = {{Motion control of a snake robot via cerebellum-inspired learning control}},
year = {2018}
}

@article{Tan2022c,
author = {Tan, Ning and Yu, Peng and Ni, Fenglei},
doi = {10.1109/TCDS.2022.3149622},
file = {:Users/yupeng/Desktop/Profiles/Publications/23j_TCDS_A Cerebellum-Inspired Network Model and Learning Approaches for Solving Kinematic Tracking Control of Redundant Manipulators.pdf:pdf},
issn = {23798939},
journal = {IEEE Trans. Cogn. Develop. Syst. },
number = {1},
pages = {150--162},
publisher = {IEEE},
title = {{A Cerebellum-Inspired Network Model and Learning Approaches for Solving Kinematic Tracking Control of Redundant Manipulators}},
volume = {15},
year = {2023}
}


@article{Jaeger2007,
author = {Jaeger, Herbert and Luko{\v{s}}evi{\v{c}}ius, Mantas and Popovici, Dan and Siewert, Udo},
doi = {10.1016/j.neunet.2007.04.016},
journal = {Neural Netw.},
number = {3},
pages = {335--352},
title = {{Optimization and applications of echo state networks with leaky-integrator neurons}},
volume = {20},
year = {2007}
}

@article{Xie2021,
author = {Xie, Zhengtai and Jin, Long and Luo, Xin and Hu, Bin and Li, Shuai},
doi = {10.1109/TSMC.2021.3129794},
issn = {21682232},
journal = {IEEE Trans. Syst. Man Cybern. Syst.},
number = {9},
pages = {5679--5691},
title = {An Acceleration-Level Data-Driven Repetitive Motion Planning Scheme for Kinematic Control of Robots With Unknown Structure},
volume = {52},
year = {2022}
}

@ARTICLE{Moreno2012,
  author={Moreno, Jaime A. and Osorio, Marisol},
  journal={IEEE Trans. Automat. Contr.}, 
  title={Strict Lyapunov Functions for the Super-Twisting Algorithm}, 
  year={2012},
  volume={57},
  number={4},
  pages={1035-1040},
  doi={10.1109/TAC.2012.2186179}
}

@inproceedings{Zhang2011,
author = {Zhang, Yunong and Fu, Senbo and Zhang, Zhijun and Xiao, Lin and Li, Xuezhong},
booktitle = {IEEE Int. Conf. Autom. Logist.},
doi = {10.1109/ICAL.2011.6024697},
pages = {125--130},
title = {{On the LVI-based numerical method (E47 algorithm) for solving quadratic programming problems}},
year = {2011}
}

@article{Porrill2007,
author = {Porrill, John and Dean, Paul},
doi = {10.1162/neco.2007.19.1.170},
journal = {Neural Comput.},
number = {1},
pages = {170--193},
title = {{Recurrent cerebellar loops simplify adaptive control of redundant and nonlinear motor systems}},
volume = {19},
year = {2007}
}

@article{Lewis1995,
author = {Lewis, Frank L. and Yesildirek, Aydin},
doi = {10.1109/72.377975},
issn = {19410093},
journal = {IEEE Trans Neural Netw.},
number = {3},
pages = {703--715},
title = {Neural Net Robot Controller with Guaranteed Tracking Performance},
volume = {6},
year = {1995}
}

@ARTICLE{Dong2022,
  author={Dong, Zhipeng and Li, Zhihao and Yan, Yunhui and Calinon, Sylvain and Chen, Fei},
  journal={IEEE Robot. Autom. Lett.}, 
  title={Passive Bimanual Skills Learning From Demonstration With Motion Graph Attention Networks}, 
  year={2022},
  volume={7},
  number={2},
  pages={4917-4923},
  doi={10.1109/LRA.2022.3152974}}

@ARTICLE{He2022,
  author={He, Wei and Li, Jiashu and Yan, Zichen and Chen, Fei},
  journal={IEEE Trans. Autom. Sci. Eng.}, 
  title={Bidirectional Human-Robot Bimanual Handover of Big Planar Object With Vertical Posture}, 
  year={2022},
  volume={19},
  number={2},
  pages={1180-1191},
  doi={10.1109/TASE.2020.3043480}}

@ARTICLE{Liu2022,
  author={Liu, Junjia and Chen, Yiting and Dong, Zhipeng and Wang, Shixiong and Calinon, Sylvain and Li, Miao and Chen, Fei},
  journal={IEEE Robot. Autom. Lett.}, 
  title={Robot Cooking With {Stir-Fry}: Bimanual Non-Prehensile Manipulation of Semi-Fluid Objects}, 
  year={2022},
  volume={7},
  number={2},
  pages={5159-5166},
  doi={10.1109/LRA.2022.3153728}}

@ARTICLE{Fu2020,
  author={Fu, Zhongtao and Pan, Jiabin and Spyrakos-Papastavridis, Emmanouil and Chen, Xubing and Li, Miao},
  journal={IEEE Robot. Autom. Lett.}, 
  title={A Dual Quaternion-Based Approach for Coordinate Calibration of Dual Robots in Collaborative Motion}, 
  year={2020},
  volume={5},
  number={3},
  pages={4086-4093},
  doi={10.1109/LRA.2020.2988407}}

@article{Deng2022,
author = {Deng, Xutian and Lei, Ziwei and Wang, Yi and Cheng, Wen and Guo, Zhao and Yang, Chenguang and Li, Miao},
journal = {Sci. China Inf. Sci.},
number = {8},
pages = {184201},
title = {{Learning ultrasound scanning skills from human demonstrations}},
volume = {65},
year = {2022}
}

@ARTICLE{Irene2020,
  author={Garcia-Camacho, Irene and Lippi, Martina and Welle, Michael C. and Yin, Hang and Antonova, Rika and Varava, Anastasiia and Borras, Julia and Torras, Carme and Marino, Alessandro and Alenyà, Guillem and Kragic, Danica},
  journal={IEEE Robot. Autom. Lett.}, 
  title={Benchmarking Bimanual Cloth Manipulation}, 
  year={2020},
  volume={5},
  number={2},
  pages={1111-1118},
  doi={10.1109/LRA.2020.2965891}
}


@ARTICLE{Yin2021,
author = {Hang Yin and Anastasia Varava and Danica Kragic},
title = {Modeling, learning, perception, and control methods for deformable object manipulation},
journal = {Sci. Robot.},
volume = {6},
number = {54},
pages = {eabd8803},
year = {2021},
doi = {10.1126/scirobotics.abd8803},
}

@ARTICLE{Yang2017,
  author={Yang, Chenguang and Jiang, Yiming and Li, Zhijun and He, Wei and Su, Chun-Yi},
  journal={IEEE Trans. Industr. Inform.}, 
  title={Neural Control of Bimanual Robots With Guaranteed Global Stability and Motion Precision}, 
  year={2017},
  volume={13},
  number={3},
  pages={1162-1171},
  doi={10.1109/TII.2016.2612646}}

@ARTICLE{Li2018,
  author={Li, Zhijun and Huang, Bo and Ajoudani, Arash and Yang, Chenguang and Su, Chun-Yi and Bicchi, Antonio},
  journal={IEEE Trans. Robot.}, 
  title={Asymmetric Bimanual Control of Dual-Arm Exoskeletons for Human-Cooperative Manipulations}, 
  year={2018},
  volume={34},
  number={1},
  pages={264-271},
  doi={10.1109/TRO.2017.2765334}}


@article{Huang2020,
author = {Huang, Darong and Zhan, Hong and Yang, Chenguang},
doi = {10.1155/2020/3561807},
journal = {Complexity},
pages = {3561807},
title = {Impedance Model-Based Optimal Regulation on Force and Position of Bimanual Robots to Hold an Object},
url = {https://doi.org/10.1155/2020/3561807},
volume = {2020},
year = {2020}
}

@article{Xiao2017,
author = {Xiao, Lin and Zhang, Yongsheng and Liao, Bolin and Zhang, Zhijun and Ding, Lei and Jin, Long},
doi = {10.3389/fnbot.2017.00047},
journal = {Front. Neurorobot.},
pages = {47},
title = {A velocity-level Bi-criteria optimization scheme for coordinated path tracking of dual robot manipulators using recurrent neural network},
volume = {11},
year = {2017}
}

@ARTICLE{Jin2018,
  author={Jin, Long and Li, Shuai and Luo, Xin and Li, Yangming and Qin, Bin},
  journal={IEEE Trans. Industr. Inform.}, 
  title={Neural Dynamics for Cooperative Control of Redundant Robot Manipulators}, 
  year={2018},
  volume={14},
  number={9},
  pages={3812-3821},
  doi={10.1109/TII.2018.2789438}
}

@ARTICLE{Jin2018b,
  author={Jin, Long and Li, Shuai and Xiao, Lin and Lu, Rongbo and Liao, Bolin},
  journal={IEEE Trans. Syst. Man Cybern. Syst.}, 
  title={Cooperative Motion Generation in a Distributed Network of Redundant Robot Manipulators With Noises}, 
  year={2018},
  volume={48},
  number={10},
  pages={1715-1724},
  doi={10.1109/TSMC.2017.2693400}}

@ARTICLE{Jiang2022,
  author={Jiang, Yiming and Wang, Yaonan and Miao, Zhiqiang and Na, Jing and Zhao, Zhijia and Yang, Chenguang},
  journal={IEEE Trans. Neural Netw. Learn. Syst.}, 
  title={Composite-Learning-Based Adaptive Neural Control for Dual-Arm Robots With Relative Motion}, 
  year={2022},
  volume={33},
  number={3},
  pages={1010-1021},
  doi={10.1109/TNNLS.2020.3037795}}

@article{Tan2022d,
author = {Tan, Ning and Yu, Peng and Zheng, Wenka},
doi = {10.1109/TCYB.2022.3227470},
journal = {IEEE Trans. Cybern.},
title = {Uncalibrated and Unmodeled Image-Based Visual Servoing of Robot Manipulators Using Zeroing Neural Networks},
year = {2022}
}

@ARTICLE{Yang2023,
  author={Yang, Min and Zhang, Yunong and Tan, Ning and Hu, Haifeng},
  journal={IEEE Trans. Cybern.}, 
  title={Explicit Linear Left-and-Right 5-Step Formulas With Zeroing Neural Network for Time-Varying Applications}, 
  year={2023},
  volume={53},
  number={2},
  pages={1133-1143},
  doi={10.1109/TCYB.2021.3104138}}

@ARTICLE{LiZJ2022,
  author={Li, Zhijun and Li, Guoxin and Wu, Xiaoyu and Kan, Zhen and Su, Hang and Liu, Yueyue},
  journal={IEEE Trans. Cybern.}, 
  title={Asymmetric Cooperation Control of Dual-Arm Exoskeletons Using Human Collaborative Manipulation Models}, 
  year={2022},
  volume={52},
  number={11},
  pages={12126-12139},
  doi={10.1109/TCYB.2021.3113709}}

@ARTICLE{WuC2023,
  author={Wu, Chu and Fang, Hao and Yang, Qingkai and Zeng, Xianlin and Wei, Yue and Chen, Jie},
  journal={IEEE Trans. Cybern.}, 
  title={Distributed Cooperative Control of Redundant Mobile Manipulators With Safety Constraints}, 
  year={2023},
  volume={53},
  number={2},
  pages={1195-1207},
  doi={10.1109/TCYB.2021.3104044}}

@ARTICLE{Wang2023,
  author={Wang, Xin and Tan, Ning},
  journal={IEEE Trans. Ind. Electron.}, 
  title={Cerebellum-Inspired Model-Free Tracking Control and Visual Servoing of a Rigid-Flexible Hybrid Robotic Endoscope With RCM Constraints}, 
  year={2023},
  volume={70},
  number={12},
  pages={12626-12635},
  doi={10.1109/TIE.2023.3239875}}

@article{Liu2022b,
author = {Liu, Mei and Fan, Jialiang and Zheng, Yu and Li, Shuai and Jin, Long},
doi = {10.1109/TIE.2022.3165279},
journal = {IEEE Trans. Ind. Electron.},
number = {10},
pages = {10301--10310},
title = {A Simultaneous Learning and Control Scheme for Redundant Manipulators With Physical Constraints on Decision Variable and Its Derivative},
volume = {69},
year = {2022}
}

@ARTICLE{Zhang2023,
  author={Zhang, Yuhao and Zhao, Xingwei and Tao, Bo and Ding, Han},
  journal={IEEE Trans. Ind. Electron.}, 
  title={Multi-Objective Synchronization Control for Dual-Robot Interactive Cooperation Using Nonlinear Model Predictive Policy}, 
  year={2023},
  volume={70},
  number={1},
  pages={582-593},
  doi={10.1109/TIE.2022.3150090}}

@article{Yu2023,
author = {Yu, Peng and Tan, Ning and Mao, Mingzhi},
doi = {10.1109/tmech.2023.3235902},
issn = {1083-4435},
journal = {IEEE/ASME Trans. Mechatron.},
number = {4},
pages = {2328--2339},
title = {Position-Based Visual Servo Control of Dual Robotic Arms With Unknown Kinematic Models: A Cerebellum-Inspired Approach},
volume = {28},
year = {2023}
}


@ARTICLE{Xia20204TMTCI,
  author={Xia, Youshen and Liu, Qingshan and Wang, Jun and Cichocki, Andrzej},
  journal={IEEE Trans. Emerg. Top. Comput. Intell.}, 
  title={A Survey of Neurodynamic Optimization}, 
  year={2024},
  volume={8},
  number={4},
  pages={2677-2696},
  doi={10.1109/TETCI.2024.3369667}}


@ARTICLE{Huang2023TII,
  author={Huang, Darong and Yang, Chenguang and Li, Miao and Huang, Haifeng and Li, Yanan},
  journal={IEEE Trans. Industr. Inform.}, 
  title={Motion Regulation Solutions to Holding and Moving an Object for Single-Leader–Dual-Follower Teleoperation}, 
  year={2023},
  volume={19},
  number={10},
  pages={10170-10181},
  doi={10.1109/TII.2022.3229149}}

@ARTICLE{Huang2022TIE,
  author={Huang, Darong and Li, Bin and Li, Yanan and Yang, Chenguang},
  journal={IEEE Trans. Ind. Electron.}, 
  title={Cooperative Manipulation of Deformable Objects by Single-Leader–Dual-Follower Teleoperation}, 
  year={2022},
  volume={69},
  number={12},
  pages={13162-13170},
  doi={10.1109/TIE.2021.3139228}}


@ARTICLE{Yan2023TCDS,
  author={Yan, Jingkun and Liu, Mei and Jin, Long},
  journal={IEEE Trans. Cogn. Develop. Syst.}, 
  title={Cerebellum-Inspired Model Predictive Control for Redundant Manipulators With Unknown Structure Information}, 
  year={2024},
  volume={16},
  number={3},
  pages={1198-1210},
  doi={10.1109/TCDS.2023.3340179}}


@book{Zhang2015,
address = {Berlin, Heidelberg},
author = {Zhang, Yunong and Guo, Dongsheng},
booktitle = {Zhang Functions and Various Models},
doi = {10.1007/978-3-662-47334-4},
publisher = {Springer},
title = {{Zhang Functions and Various Models}},
year = {2015}
}

@ARTICLE{Lin2024TETICI,
  author={Wei, Lin and Jin, Long},
  journal={IEEE Trans. Emerg. Top. Comput. Intell.}, 
  title={Collaborative Neural Solution for Time-Varying Nonconvex Optimization With Noise Rejection}, 
  year={2024},
  volume={},
  number={},
  pages={1-14},
  keywords={Optimization;Collaboration;Linear programming;Robustness;Heuristic algorithms;Convergence;Vectors;Time-varying nonconvex optimization problem;neural dynamics;noise rejection;manipulability optimization;redundant manipulator},
  doi={10.1109/TETCI.2024.3369482}}

@ARTICLE{Cao2024TETICI,
  author={Cao, Mengrui and Xiao, Lin and Zuo, Qiuyue and Tan, Ping and He, Yongjun and Gao, Xieping},
  journal={IEEE Trans. Emerg. Top. Comput. Intell.}, 
  title={A Fixed-Time Robust {ZNN} Model With Adaptive Parameters for Redundancy Resolution of Manipulators}, 
  year={2024},
  volume={},
  number={},
  pages={1-13},
  keywords={Manipulators;Noise;Robots;Numerical models;Task analysis;Kinematics;Convergence;Zeroing neural network;redundancy resolution;robot manipulator;fixed time convergence;noise tolerance},
  doi={10.1109/TETCI.2024.3377672}}

@ARTICLE{Sun2022TETICI,
  author={Sun, Fuchun and Chen, Yang and Wu, Yangyang and Li, Linxiang and Ren, Xiaolei},
  journal={IEEE Trans. Emerg. Top. Comput. Intell.}, 
  title={Motion Planning and Cooperative Manipulation for Mobile Robots With Dual Arms}, 
  year={2022},
  volume={6},
  number={6},
  pages={1345-1356},
  keywords={Impedance;Mobile robots;Motion control;Robot kinematics;Explosives;Collision avoidance;Mobile robots;Impedance control;mobile robot with dual arms;motion planning;object detection;tactile force control;task planner},
  doi={10.1109/TETCI.2022.3146387}}


@ARTICLE{Jin2023TII,
  author={Jin, Jie and Chen, Weijie and Chen, Chaoyang and Chen, Long and Tang, Zhijun and Chen, Lei and Wu, Lianghong and Zhu, Changren},
  journal={IEEE Trans. Industr. Inform.}, 
  title={A Predefined Fixed-Time Convergence {ZNN} and Its Applications to Time-Varying Quadratic Programming Solving and Dual-Arm Manipulator Cooperative Trajectory Tracking}, 
  year={2023},
  volume={19},
  number={8},
  pages={8691-8702},
}

@ARTICLE{Zheng2024TII,
  author={Zheng, Xin and Liu, Mei and Jin, Long and Yang, Chenguang},
  journal={IEEE Trans. Industr. Inform.}, 
  title={Distributed Collaborative Control of Redundant Robots Under Weight-Unbalanced Directed Graphs}, 
  year={2024},
  volume={20},
  number={1},
  pages={681-690},
  keywords={Robots;Robot kinematics;Directed graphs;Collaboration;Service robots;Informatics;Kinematics;Distributed collaborative control;neural dynamics;redundant robot;weight-unbalanced directed graph},
  doi={10.1109/TII.2023.3268778}}

@ARTICLE{Tan2024TII,
  author={Tan, Jiawang and Shang, Mingsheng and Jin, Long},
  journal={IEEE Trans. Industr. Inform.}, 
  title={Metaheuristic-Based RNN for Manipulability Optimization of Redundant Manipulators}, 
  year={2024},
  volume={20},
  number={4},
  pages={6489-6498},
  keywords={Manipulators;Optimization;Collision avoidance;Jacobian matrices;Kinematics;Task analysis;Linear programming;Manipulability optimization;metaheuristic optimization;nonconvex;obstacle avoidance;recurrent neural network},
  doi={10.1109/TII.2023.3348830}}

@article{Li2019TMECH,
author = {Li, Gaofeng and Song, Dezhen and Xu, Shan and Sun, Lei and Liu, Jingtai},
doi = {10.1109/TMECH.2019.2893227},
issn = {1941014X},
journal = {IEEE/ASME Trans. Mechatron.},
number = {2},
pages = {785--795},
publisher = {IEEE},
title = {A hybrid model and model-free position control for a reconfigurable manipulator},
volume = {24},
year = {2019}
}

@article{Yang2020TIE,
author = {Yang, Jun and Na, Jing and Yu, Haoyong and Gao, Guanbin and Wang, Xiaodong},
doi = {10.1016/j.ifacol.2020.12.480},
journal = {IEEE Trans. Ind. Electron.},
number = {5},
pages = {3850--3859},
title = {Unknown system dynamics estimator for motion control of nonlinear robotic systems},
volume = {67},
year = {2020}
}

@article{Seeber2021AUTO,
author = {Seeber, Richard and Haimovich, Hernan and Horn, Martin},
doi = {10.1016/j.automatica.2021.109858},
journal = {Automatica},
pages = {109858},
publisher = {Elsevier Ltd},
title = {Robust exact differentiators with predefined convergence time},
volume = {134},
year = {2021}
}

@article{Zhang2004TSMC,
author = {Zhang, Yunong and Ge, Shuzhi Sam and Lee, Tong Heng},
doi = {10.1109/TSMCB.2004.830347},
journal = {IEEE Trans. Syst. Man, Cybern. Part B Cybern.},
number = {5},
pages = {2126--2132},
pmid = {15503508},
title = {A unified quadratic-programming-based dynamical system approach to joint torque optimization of physically constrained redundant manipulators},
volume = {34},
year = {2004}
}

@article{Marinho2022TRO,
archivePrefix = {arXiv},
arxivId = {2109.06375},
author = {Marinho, Murilo Marques and Adorno, Bruno Vilhena},
doi = {10.1109/TRO.2022.3181047},
issn = {19410468},
journal = {IEEE Trans. Robot.},
number = {6},
pages = {3498--3513},
publisher = {IEEE},
title = {Adaptive Constrained Kinematic Control Using Partial or Complete Task-Space Measurements},
volume = {38},
year = {2022}
}

@ARTICLE{Cursi2022RAL,
  author={Cursi, Francesco and Bai, Weibang and Li, Weiyi and Yeatman, Eric M. and Kormushev, Petar},
  journal={IEEE Robot. Autom. Lett.}, 
  title={Augmented Neural Network for Full Robot Kinematic Modelling in {SE}(3)}, 
  year={2022},
  volume={7},
  number={3},
  pages={7140-7147},
  doi={10.1109/LRA.2022.3180428}}

@article{Yip2016RAL,
author = {Yip, Michael C. and Camarillo, David B.},
doi = {10.1109/lra.2016.2526062},
journal = {IEEE Robot. Autom. Lett.},
number = {2},
pages = {844--851},
title = {Model-less hybrid position/force control: A minimalist approach for continuum manipulators in unknown, constrained environments},
volume = {1},
year = {2016}
}

@article{Yu2023EAAI,
author = {Yu, Peng and Tan, Ning and Zhong, Zhiyan},
doi = {10.1016/j.engappai.2022.105528},
issn = {0952-1976},
journal = {Eng. Appl. Artif. Intell.},
pages = {105528},
title = {Comparative studies and performance analysis on neural-dynamics-driven control of redundant robot manipulators with unknown models},
volume = {117},
year = {2023}
}

@article{YANG2021108007,
title = {Pose control of constrained redundant arm using recurrent neural networks and one-iteration computing algorithm},
journal = {Appl. Soft Comput.},
volume = {113},
pages = {108007},
year = {2021},
issn = {1568-4946},
author = {Min Yang and Yunong Zhang and Xuefeng Zhou and Haifeng Hu},
}

@ARTICLE{Li2024TII,
  author={Li, Weibing and Wu, Haimei and Jin, Long},
  journal={IEEE Trans. Industr. Inform.}, 
  title={A Lower Dimension Zeroing Neural Network for Time-Variant Quadratic Programming Applied to Robot Pose Control}, 
  year={2024},
  volume={20},
  number={10},
  pages={11835-11843},
}

@article{Wang2020IFAC,
author = {Wang, Sihan and Zhang, Kaiqiang and Herrmann, Guido},
doi = {10.1016/j.ifacol.2020.12.1385},
issn = {24058963},
journal = {IFAC-PapersOnLine},
number = {2},
pages = {8796--8801},
title = {An adaptive controller for robotic manipulators with unknown kinematics and dynamics},
volume = {53},
year = {2020}
}

@article{Liao2015Robotica,
author = {Liao, Bolin and Liu, Weijun},
issn = {14698668},
journal = {Robotica},
number = {10},
pages = {2100--2113},
title = {Pseudoinverse-type bi-criteria minimization scheme for redundancy resolution of robot manipulators},
volume = {33},
year = {2015}
}

@article{Tan2022JAS,
author = {Tan, Ning and Yu, Peng and Zhong, Zhiyan and Ni, Fenglei},
journal = {IEEE/CAA J. Autom. Sin.},
number = {10},
pages = {1778--1791},
title = {A new noise-tolerant dual-neural-network scheme for robust kinematic control of robotic arms with unknown models},
volume = {9},
year = {2022}
}

@article{Zhang2021TNNLS,
author = {Zhang, Zhijun and Zheng, Lunan and Chen, Zhuoming and Kong, Lingdong and Karimi, Hamid Reza},
journal = {IEEE Trans. Neural Netw. Learn. Syst.},
number = {3},
pages = {1052--1066},
pmid = {32310785},
title = {Mutual-collision-avoidance scheme synthesized by neural networks for dual redundant robot manipulators executing cooperative tasks},
volume = {32},
year = {2021}
}

@ARTICLE{Zheng2024TMECH,
  author={Zheng, Xin and Jin, Long and Huang, Panfeng},
  journal={IEEE/ASME Trans. Mechatron.}, 
  title={Distributed Collaboration in Multimanipulator Systems With Switching and Weight-Unbalanced Topologies}, 
  year={2024},
  volume={},
  number={},
  pages={1-11},
  doi={10.1109/TMECH.2024.3435332}}

@article{Jia2020Robotica,
author = {Jia, Zhaoli and Chen, Siyuan and Zhang, Zhijun and Zhong, Nan and Zhang, Pengchao and Qu, Xilong and Xie, Jinhua and Ouyang, Fan},
issn = {14698668},
journal = {Robotica},
number = {6},
pages = {983--999},
title = {Tri-criteria optimization motion planning at acceleration-level of dual redundant manipulators},
volume = {38},
year = {2020}
}

@ARTICLE{Zhan2024TNNLS,
  author={Zhang, Zhijun and Cao, Zhongwen and Li, Xingru},
  journal={IEEE Trans. Neural Netw. Learn. Syst.}, 
  title={Neural Dynamic Fault-Tolerant Scheme for Collaborative Motion Planning of Dual-Redundant Robot Manipulators}, 
  year={2024},
  volume={},
  number={},
  pages={1-13},
  doi={10.1109/TNNLS.2024.3466296}}

@article{Tan2023TNNLS,
author = {Tan, Ning and Yu, Peng},
doi = {10.1109/TNNLS.2023.3310744},
journal = {IEEE Trans. Neural Netw. Learn. Syst.},
pages = {1--13},
publisher = {IEEE},
title = {Predefined-Time Convergent Kinematic Control of Robotic Manipulators With Unknown Models Based on Hybrid Neural Dynamics and Human Behaviors},
volume = {},
year = {2023}
}

